@misc{JavaFXDoc:Online,
author = "{Oracle}", 
publisher = "Oracle", 
title = "JavaFx Documentation Home:
Deploying JavaFX Applications",
year = "2013",
howpublished = "\url{URL: http://docs.oracle.com/javafx/2/deployment/jfxpub-deployment.htm}",
note = "[Online; eingesehen 30. August 2013]"}

@misc{DeployTutJar,
author = "{Oracle}", 
publisher = "Oracle", 
title = "Oracle Deployment Tutorial",
howpublished ="\url{URL: http://docs.oracle.com/javase/tutorial/deployment/jar/intro.html}",
year = "2013",
note = "[Online; eingesehen 30. August 2013]"}

@misc{DeployTutApp,
author = "{Oracle}", 
publisher = "Oracle", 
title = "Oracle Deployment Tutorial",
howpublished ="\url{URL: http://docs.oracle.com/javase/tutorial/deployment/applet/index.html}",
year = "2014",
note = "[Online; eingesehen 28. Januar 2013]"}

